#type of bib formats on https://en.wikipedia.org/wiki/BibTeX

@article{okada-2014-magnet-rattl,
  author       = {Okada, Tomohiko and Ozono, Shoya and Okamoto, Masami
		and Takeda, Yohei and Minamisawa, Hikari M. and
		Haeiwa, Tetsuji and Sakai, Toshio and Mishima,
		Shozi},		  
  title        = {Magnetic Rattle-Type Core-Shell Particles Containing
		Iron Compounds with Acid Tolerance by Dense Silica},
  journal      = {Industrial \& Engineering Chemistry Research},
  volume       = 0,
  pages        = {null},
  year         = 2014,
  doi          = {10.1021/ie500588j},
  number       = 0,
  url          = {http://pubs.acs.org/doi/abs/10.1021/ie500588j},
  eprint       = {http://pubs.acs.org/doi/pdf/10.1021/ie500588j},
}

# example
@misc{grover-AI,
  author       = {Allen Institute for AI},
  title        = {Grover - A State-of-the-Art Defense against Neural Fake News},
  howpublished = {internet},
}

@Online{zellers19:_defen_again_neural_fake_news,
  author       = {Rowan Zellers AND Ari Holtzman AND Hannah Rashkin
                  AND Yonatan Bisk AND Ali Farhadi AND Franziska
                  Roesner AND Yejin Choi},
  title	       = {{Defending Against Neural Fake News}},
  year	       = 2019,
  archiveprefix= {arXiv},
  eprint       = {1905.12616v2},
  primaryclass = {cs.CL},
  url = {https://arxiv.org/abs/1905.12616}
}

@article{radford2019language,
  title        = {Language Models are Unsupervised Multitask Learners},
  author       = {Radford, Alec and Wu, Jeff and Child, Rewon and Luan, David and Amodei, Dario and Sutskever, Ilya},
  year         = {2019}
}

@article{congress_text,
  author       = {Gentzkow, Matthew, Jesse M. Shapiro, and Matt Taddy},
  title        = {Congressional Record for the 43rd-114th Congresses: Parsed Speeches and Phrase Counts},
  journal      = {Stanford Libraries},
  volume       = {0},
  year         = {2018},
  month        = {01},
  url          = {https://data.stanford.edu/congress_text}
}

@article{Wolf2019HuggingFacesTS,
  title        = {HuggingFace's Transformers: State-of-the-art Natural Language Processing},
  author       = {Thomas Wolf and Lysandre Debut and Victor Sanh and Julien Chaumond and
                  Clement Delangue and Anthony Moi and Pierric Cistac and Tim Rault and
		  R'emi Louf and Morgan Funtowicz and Jamie Brew},
  journal      = {ArXiv},
  year         = {2019},
  volume       = {abs/1910.03771}
}

